@article{kurasov2005inverse,
  title={Inverse spectral problem for quantum graphs},
  author={Kurasov, Pavel and Nowaczyk, Marlena},
  journal={Journal of Physics A: Mathematical and General},
  volume={38},
  number={22},
  pages={4901},
  year={2005},
  publisher={IOP Publishing}
}

@book{nowaczyk2005inverse,
  title={Inverse spectral problems for quantum graphs},
  author={Nowaczyk, Marlena},
  year={2005. http://goo.gl/OWmAEK},
  publisher={Centre for Mathematical Sciences, Lund University}
}

@article{kuchment2004quantum,
  title={Quantum graphs: I. Some basic structures},
  author={Kuchment, Peter},
  journal={Waves in Random media},
  volume={14},
  number={1},
  pages={S107--128},
  year={2004},
  publisher={Taylor \& Francis}
}

@article{kostrykin1999kirchhoff,
  title={Kirchhoff's rule for quantum wires},
  author={Kostrykin, Vadim and Schrader, Robert},
  journal={Journal of Physics A: Mathematical and General},
  volume={32},
  number={4},
  pages={595},
  year={1999},
  publisher={IOP Publishing}
}
@article{vazquez2003growing,
  title={Growing network with local rules: Preferential attachment, clustering hierarchy, and degree correlations},
  author={V{\'a}zquez, Alexei},
  journal={Physical Review E},
  volume={67},
  number={5},
  pages={056104},
  year={2003},
  publisher={APS}
}
@article{nicaise1987spectre,
  title={Spectre des r{\'e}seaux topologiques finis},
  author={Nicaise, Serge},
  journal={Bull. Sci. Math},
  volume={2},
  number={111},
  pages={4},
  year={1987}
}
@inproceedings{kennedy2015spectral,
  title={On the spectral gap of a quantum graph},
  author={Kennedy, James B and Kurasov, Pavel and Malenov{\'a}, Gabriela and Mugnolo, Delio},
  booktitle={Annales Henri Poincar{\'e}},
  pages={1--35},
  year={2015},
  organization={Springer}
}
@article{gutkin2001can,
  title={Can one hear the shape of a graph?},
  author={Gutkin, Boris and Smilansky, Uzy},
  journal={Journal of Physics A: Mathematical and General},
  volume={34},
  number={31},
  pages={6061},
  year={2001},
  publisher={IOP Publishing}
}
@book{berkolaiko2013introduction,
  title={Introduction to quantum graphs},
  author={Berkolaiko, Gregory and Kuchment, Peter},
  number={186},
  year={2013},
  publisher={American Mathematical Soc.}
}
@misc{Pistol2016,
  author = {Pistol, Mats-Erik},
  title = {https://github.com/meapistol/Spectra-of-graphs},
  year = {2016},
  publisher = {GitHub},
  journal = {https://github.com/meapistol/Spectra-of-graphs}
}